2742 4392
489 225 582 299 Liber
603 233 727 300 Urtius.
871 227 872 230 '
984 243 1059 330 333

140 349 261 428 adjaacm
273 347 310 408 est
325 349 395 407 tinus
408 356 499 413 torua,
514 345 559 426 sq
570 347 672 414 radius,
691 345 856 426 hypotenusa
870 345 933 406 tero
943 347 1002 414 AF,
1011 349 1056 418 seu

141 427 206 486 latus
225 426 301 487 renio
319 425 416 504 angulo
426 421 579 500 oppansum
591 425 628 482 est
640 424 737 504 separas.
776 426 849 482 Patet
863 442 897 481 ex
911 425 1011 484 definit.
1024 430 1053 488 6.

40 510 48 524 “
143 510 172 564 δι
188 501 295 581 propos.
316 505 359 560 16.
376 501 466 594 libs3.
488 497 507 556 fi
525 515 619 558 centro
639 504 663 560 Α
682 520 728 580 per
747 501 767 559 B
787 497 946 560 describatur
965 504 1054 562 circu·

142 579 245 712 lusl’rtri
260 653 343 712 modu
355 646 472 730 respodit
486 645 591 710 alterius
605 654 677 712 acuti
691 652 779 733 anguli
795 605 875 712 ltu
898 627 1006 732 tangens
1017 653 1055 714 est

584 635 593 644 ν

146 731 212 796 AB,
230 731 299 790 linus
317 744 416 794 totus,
454 725 719 797 tetraditarum,
738 731 824 788 lecans
838 727 895 787 ΒΑ.
933 733 1008 790 Patet
1021 750 1057 790 ex
1120 775 1125 802 ,

145 806 283 940 pletinsll„
302 809 329 866 &
342 823 419 884 prop.
434 807 478 861 ro.
489 803 533 862 lib.
550 823 576 880 3.
593 805 613 864 fi
627 822 719 864 centro
731 811 752 865 F
763 825 809 884 per
823 805 843 862 B
857 804 989 864 circulum
1010 809 1057 865 de·

158 899 196 941 ert
227 901 289 940 errs.

176 904 358 1038 alyporenon
372 958 454 1036 igitur
466 953 602 1033 utriusque
613 959 684 1016 acuti
699 957 785 1016 secans
800 958 837 1016 est
856 999 864 1024 ,
901 977 934 1016 ac
946 959 1059 1036 proinde

149 1034 214 1094 cum
226 1036 255 1093 lai
267 1035 358 1111 anguli
371 1033 506 1110 inaequales
519 1031 577 1090 sunt
590 1075 599 1100 ,
626 1035 731 1094 direrfis
743 1035 861 1092 numeris
874 1037 902 1093 in
914 1035 1009 1094 tabulis
1021 1035 1055 1093 fi·

148 1129 235 1170 nuum
248 1111 411 1186 hypotenusa
419 1110 589 1184 exprimitur.

189 1185 324 1244 Caetetlrm
340 1187 460 1243 notandae
476 1185 504 1242 in
517 1185 611 1260 primis
625 1187 684 1245 sunt
700 1225 708 1251 ,
745 1204 775 1244 ac
790 1183 872 1262 probe
886 1185 1056 1264 intelligenda
1183 1237 1185 1244 ,

151 1262 316 1321 definitiones
331 1265 366 1329 ⁶,
385 1267 412 1322 &
426 1281 454 1337 9.
467 1277 498 1320 ut
512 1262 606 1326 Sinus,
616 1265 784 1342 Tangentes,
804 1268 924 1322 secantes
937 1265 968 1321 ad
979 1263 1057 1322 usum
1126 1305 1132 1318 .

150 1341 324 1398 deducantur.
1087 1347 1090 1356 '

242 1487 387 1562 Sinum,
411 1481 623 1580 Tangentium.
647 1485 810 1550 Sarmatiam
825 1488 966 1551 inventia.

183 1654 301 1713 Nrenire
314 1655 407 1720 Sinus,
428 1657 595 1733 Tangentcs,
614 1655 793 1732 &canteneii
804 1675 894 1714 earum
908 1661 1060 1733 proportio-

199 1751 262 1789 nem
274 1733 306 1790 ad
316 1732 421 1792 radium
436 1729 527 1790 circuli
539 1747 585 1788 aut
600 1750 707 1794 ueram,
724 1747 768 1789 aut
782 1751 797 1790 a
810 1735 871 1790 verri
885 1731 1060 1795 insenlibilitet·

153 1809 315 1866 aberrantem
335 1809 454 1866 numeris
471 1807 629 1882 exprimere.
669 1805 709 1863 aa
730 1825 793 1866 euna
813 1805 892 1865 finem
908 1810 1060 1888 intelligitur

155 1883 249 1940 circuli
262 1883 348 1941 radius
361 1886 391 1940 in
404 1881 648 1960 plurimasaeqnales
659 1897 745 1958 partes
756 1881 929 1947 divisunutin
939 1903 1060 1952 100000,

156 1972 203 2015 aut
226 1975 314 2023 1000,
333 1979 417 2018 0000.
452 1961 527 2016 Tum
547 1961 723 2018 Geometrico
740 1961 882 2018 ratiocinio
899 1963 1059 2038 inquiritur,¹

155 2047 222 2110 quot
233 2035 325 2096 taillia
337 2035 403 2092 radii
415 2035 532 2114 partibus
542 2033 636 2114 singuli
650 2037 741 2100 Sinus,
761 2039 929 2114 Tangentet,
938 2039 1060 2099 Secantet

154 2111 320 2178 contineant,
339 2129 398 2190 quae
411 2113 544 2190 intentio,
562 2128 592 2170 ut
606 2109 693 2188 postea
706 2111 852 2176 ostendam,
862 2111 895 2171 εὸ
907 2117 1057 2174 accuratior

157 2185 247 2244 sutura
257 2187 309 2252 eii,
327 2185 381 2262 quo
394 2186 478 2266 plures
492 2189 519 2244 in
539 2203 624 2264 partes
637 2189 724 2245 radius
735 2189 824 2246 circuli
837 2190 935 2247 divisus
947 2191 1060 2251 assume·

157 2277 211 2321 tur.
242 2264 304 2322 Hoc
317 2264 420 2322 sinuum
434 2261 577 2321 artificium
590 2263 673 2338 primi
683 2265 868 2342 excogitarunt
882 2268 1059 2341 Hipparchus,

154 2342 184 2398 &
199 2339 347 2405 Menelaus,
366 2339 463 2396 horum
479 2340 583 2396 inventa
595 2337 687 2394 deinde
699 2341 830 2396 contraxit
850 2380 858 2404 ‚
894 2342 1061 2418 &expolivit

154 2414 318 2472 Ptolomaeus
332 2454 341 2478 ‚
367 2419 394 2472 ue
408 2413 550 2472 notissimi
564 2413 676 2492 joannes
687 2415 920 2491 'Regiomontanus
933 2417 1058 2496 perfecit,
1156 2413 1167 2430 '

126 2533 130 2548 ,
152 2492 198 2568 qui
206 2491 239 2548 ad
252 2491 354 2548 radium
375 2509 534 2547 10000000.
570 2491 647 2548 Sinus
658 2491 782 2547 omniurn
795 2491 942 2566 graduum,
960 2511 991 2550 ac
1005 2497 1059 2552 mi·

152 2583 281 2624 notorum
293 2567 444 2643 quadrantis
458 2563 616 2642 supputavit.
637 2567 756 2644 Denique
767 2566 865 2626 horum
879 2569 1003 2628 omnium
1014 2590 1061 2628 co·

153 2644 360 2722 natusegregios
377 2643 485 2700 Clarius
499 2641 603 2705 noller,
624 2641 735 2701 Pitiscus
750 2683 759 2708 ,
777 2641 931 2710 Rheticus,
967 2645 1062 2724 aliique
1091 2696 1095 2709 ,

154 2717 303 2794 complures
319 2719 484 2776 illustrarunt.
519 2720 651 2792 Quamvis
664 2733 754 2777 autern
767 2719 799 2776 ab
810 2722 842 2778 iis
856 2723 982 2780 omnibus
995 2743 1063 2798 praa·

155 2793 223 2854 aare
237 2795 328 2852 hocin
392 2813 434 2852 ere
446 2791 591 2850 laboratum
606 2793 636 2851 iit
653 2835 661 2860 ,
689 2797 750 2870 quia
763 2810 854 2856 tamen
868 2799 970 2872 prolixa
982 2796 1063 2874 hujus

154 2871 283 2928 doctrina
295 2885 335 2928 tra
377 2871 416 2927 tio
429 2869 482 2934 est,
499 2871 645 2946 optandum
658 2869 716 2929 sanc
730 2872 849 2937 videtur,
869 2887 899 2930 ut
918 2871 1018 2932 facilior
1032 2895 1063 2934 ea

156 2943 289 3010 studiosas:
307 2962 383 3022 atque
394 2945 556 3022 expeditior,
576 2945 662 3002 saficri
678 2947 778 3020 potest,
795 2946 935 3006 efficiatur.
972 2953 1062 3028 Qure

154 3023 263 3082 animus
277 3023 344 3080 mihi
357 3022 408 3086 est,
427 3019 588 3086 artificium,
605 3019 686 3097 quint
701 3023 777 3082 utile,
797 3023 1061 3102 tantpuluhnrm,&

154 3095 265 3164 claritis,
282 3101 364 3176 quim
380 3099 466 3156 cae'teri
480 3096 624 3161 fecerunt,
650 3100 677 3155 te
694 3093 796 3155 brevius
810 3119 947 3176 expones.
987 3107 1062 3173 Rem

154 3193 269 3310 §mnam
282 3175 365 3234 tribus
378 3174 558 3258 Poristnatia,
599 3177 628 3235 oc
642 3170 685 3232 sex
700 3172 906 3240 Problematibus
920 3177 1062 3238 absolvam.
1090 3217 1093 3222 -
1173 3213 1178 3224 ·

207 3269 272 3330 ⁶8⁰
