2814 4390
193 313 195 316 v
384 197 726 322 Demdprogreffis
740 220 920 316 Maehese'osl
1000 218 1068 296 xil

162 315 198 391 dc
214 317 389 394 Aiillotelis
399 317 557 422 magister,
566 321 692 416 ipseque
706 317 888 392 Aristoteles
900 319 1065 418 cognitio·

163 441 201 492 ne
228 417 458 492 Mathunamm
480 419 553 490 clari
575 417 677 491 fuere.
722 419 812 490 Illius
832 416 909 489 clun
935 415 1064 492 auditor

163 507 1065 615 quidemeslevelletGeometriaeimperitus,Abi,inquie‚
1178 566 1180 572 -

163 613 245 686 anhs
258 615 335 688 enirn
352 612 564 714 Philosophia·
580 639 648 687 non
660 614 765 687 hebes.
1094 685 1098 692 ,

214 715 264 784 De
280 712 450 787 Aristotele
465 712 545 786 verb
561 711 643 808 quid
660 711 785 786 dicami
805 712 877 786 libri
895 713 976 786 illius
993 718 1066 787 mni

162 835 217 883 nes
241 813 318 884 locis
342 811 579 886 Mathematicis
600 811 680 894 ·sunt
705 810 844 896 referti,
888 811 1068 908 exquibus

160 909 193 981 in
214 935 317 982 unum
341 911 479 985 coleffls
495 907 609 982 librum
623 910 763 984 confecit
781 912 964 984 Blancanus.
1011 915 1067 984 Ex

163 1006 341 1084 Aristotelis
357 1007 462 1082 scholi
477 1006 545 1080 duo
560 1010 720 1107 praecipue
734 1009 923 1082 celebrantur
933 1007 1068 1100 ,iEude-
1122 1064 1127 1074 .
1209 1087 1211 1092 ,

161 1129 229 1178 mus
261 1115 300 1180 de
332 1104 583 1204 Theophrastus.
636 1108 707 1180 Hic
727 1107 849 1206 scn'psrt
870 1105 911 1178 de
931 1108 1068 1178 numeris
1148 1139 1151 1144 ¹

161 1203 253 1278 libros
276 1205 377 1288 duos,
399 1204 439 1278 de
453 1204 640 1278 Geometrid
655 1223 822 1300 quatuor,
853 1204 894 1277 de
914 1205 1003 1278 lineis
1016 1206 1067 1278 in-
1198 1237 1202 1246 ·

135 1341 137 1348 >
160 1299 303 1376 dividuis
317 1328 438 1376 unum:
461 1304 511 1375 ille
539 1301 698 1376 histdriam
716 1302 972 1392 Mathemaeicam
988 1328 1069 1376 con-

160 1398 273 1483 didit3
307 1425 347 1474 ex
370 1427 440 1494 quo
461 1403 591 1474 Procius
613 1403 728 1499 aliique
747 1403 799 1475 fisa
823 1403 961 1474 mutuati
984 1403 1070 1473 sunt.

162 1498 323 1581 Aristaeo,
345 1499 489 1581 Ilduro,
513 1499 685 1600 Hypsicli,
709 1503 889 1575 Geometris
910 1497 1071 1588 subtilillrg

160 1599 246 1680 mis,
272 1596 444 1670 solidorum
455 1601 550 1672 libros
564 1601 699 1671 maxime
711 1598 875 1672 debemus.
917 1600 1072 1692 Denique

160 1695 316 1768 Euclides
337 1698 468 1770 aliorum
490 1699 617 1770 inventa
642 1699 788 1796 collegit,
810 1696 993 1778 ordinavit,
1015 1721 1073 1766 au·

161 1793 239 1874 nit,
260 1793 551 1890 demonstravitque
565 1795 739 1868 accuritihs
757 1843 770 1876 ,
799 1819 898 1890 eaque
912 1795 1005 1866 nobis
1019 1819 1072 1867 ne-

162 1889 264 1986 liquit
285 1895 460 1977 elementa,
489 1895 607 1990 quibus
629 1893 691 1985 jun
715 1893 838 1990 ubique
857 1915 1006 1965 terrarum
1028 1889 1070 1964 ad

163 1987 437 2064 Mathematicam'
456 1993 606 2085 juventus
619 1989 804 2064 instituitur.
852 1991 951 2064 Obiit
986 2015 1072 2064 anuo

165 2104 241 2156 ante
263 2087 428 2160 Christum
451 2091 535 2184 284.
580 2088 751 2160 Euclidem
778 2089 877 2160 secuti
907 2087 980 2160 sunt
1000 2111 1078 2159 cen-

166 2203 246 2253 tum
268 2181 330 2254 fere
351 2183 423 2280 post
445 2185 531 2255 annis
551 2183 774 2254 Eratosthenes
801 2191 836 2254 δι
862 2181 1081 2256 Archimedes.

163 2278 391 2354 Eratosthenis
412 2281 528 2354 clarum
551 2281 703 2376 imprimis
725 2303 839 2352 nomen
862 2277 956 2351 fuit:
979 2276 1079 2352 sede-

164 2377 220 2471 jus
234 2379 345 2476 scripta
360 2379 476 2478 periere
503 2375 611 2477 [quim
618 2379 751 2475 plurim
766 2425 778 2460 ,
797 2376 860 2472 sed
870 2403 926 2446 mn
937 2377 1072 2478 m]

165 2476 373 2550 Archimedis
389 2475 536 2551 habemus
547 2477 666 2560 multa,
687 2477 785 2547 multa
800 2474 970 2550 amisimus.

216 2575 279 2649 Sed
301 2573 527 2649 Archimedem
550 2574 627 2648 clun
649 2575 808 2656 nomino,
830 2576 949 2674 apicem
970 2585 1076 2671 quen:

165 2673 242 2748 dam
272 2673 416 2748 humane
442 2675 653 2755 subtilitatis,
700 2672 861 2768 totiusque
893 2672 1074 2748 Mathema-

167 2774 244 2844 ticae
258 2770 430 2870 disciplinae
455 2773 680 2845 absolutionem
696 2771 800 2843 animo
813 2774 975 2872 concipio.
1024 2777 1075 2844 E-

167 2870 224 2964 jus
244 2872 369 2944 inventa
391 2869 565 2945 admiranda
587 2868 752 2968 prodidere
775 2871 959 2970 Polybius,
995 2873 1076 2945 Plu·

35 3037 36 3068 ,
169 2965 317 3050 tarchus,
341 2975 511 3053 Tzenes,
561 2971 688 3064 aliique.
736 2967 923 3044 Archimedi
946 2993 1076 3043 coaevus
1119 2983 1123 2991 '

167 3064 237 3138 fuit
266 3071 385 3141 Conon
407 3073 582 3144 Geometm
612 3075 649 3140 &
679 3065 931 3154 Astronomus,
982 3069 1076 3160 cujus

167 3159 307 3238 mortem
338 3159 540 3241 Archimedes
570 3165 666 3239 deflet
694 3169 728 3239 in
756 3167 811 3239 lib.
833 3165 876 3238 de
896 3165 997 3260 quad
1017 3187 1073 3262 pu·

165 3265 232 3338 nb.
294 3263 520 3340 Archimedem
552 3273 586 3338 δι
616 3271 786 3338 Cononem
814 3263 979 3334 intervallo
1005 3289 1072 3339 noo

167 3384 288 3461 niagno
306 3365 449 3456 sequitur
472 3363 664 3462 Apollonius
684 3371 829 3459 Pergaeus
846 3403 857 3438 ‚
873 3359 962 3454 ,alter
982 3363 1083 3458 Gen-¹¹

131 3516 135 3528 .
169 3461 290 3532 metriae
304 3461 468 3560 princeps,
489 3463 548 3556 qui
561 3461 692 3564 egregiae
708 3457 807 3532 laudis
823 3457 969 3531 encomio
986 3457 1088 3561 nng-'

169 3581 233 3629 nus
252 3561 425 3632 &ommia
446 3556 512 3632 fuit
534 3563 712 3658 appellatus.
743 3555 846 3630 rIllius
867 3575 974 3648 extant
994 3585 1075 3652 qua-

167 3677 247 3736 tuor
265 3695 269 3710 ·
286 3659 364 3764 [imo
384 3657 512 3762 septem]
546 3660 749 3734 Conicorum
775 3651 965 3730 subtiliffimi
992 3653 1077 3764 libri.

545 3753 690 3859 ἨΞ
963 3747 1082 3838 Eidem
