2814 4390
387 203 437 276 De
452 219 521 274 orta
534 199 726 306 &pangenda
744 202 925 300 Mathrftrsi
1025 205 1094 280 ni

27 373 34 390 ,
176 301 270 378 sidit
295 301 502 398 (utquidam
514 301 639 392 ferum)
666 301 843 378 Aristotelis
863 351 875 386 ,
893 301 901 329 “
920 301 974 374 sna
997 307 1092 378 unius

179 403 461 574 scriptfflimtis
475 402 549 502 legi.
597 391 1024 500 Demetitil’hilolophiam
1033 409 1092 477 Pe·

181 521 251 573 trus
350 497 449 574 endus
463 498 674 575 eruditilltmo
695 525 789 602 opere
812 524 912 599 nuper
934 499 1023 572 edito
1038 502 1092 574 in·

181 596 342 672 llauravit.
378 597 575 672 Theodotus
590 605 784 700 Cyrenaeus,
794 600 870 673 licet
884 599 951 690 ejus
964 599 1094 679 inventa

182 694 408 772 Mathematica
429 723 497 770 non
523 719 661 782 extant,
693 701 743 772 vel
758 723 797 772 eo
812 698 941 772 nomine
961 721 1093 796 magnus

96 799 99 802 ’
181 793 504 890 ammonitionis
519 796 675 896 Magister
689 796 783 871 soille
795 815 998 872 memoretur.

228 891 288 966 Ad
301 893 463 968 Platonem
481 895 581 992 igitur
593 893 763 989 aliquando
782 896 1001 996 pervenimus,
1024 916 1094 989 quo

181 1011 276 1068 nemo
288 991 365 1066 alius
379 991 576 1092 splendorem
596 994 745 1088 majorem
762 995 871 1067 attulit
887 993 1096 1065 Mathemati-

181 1092 227 1164 tis
239 1089 423 1188 disciplinis.
468 1091 528 1164 Ille
543 1093 759 1166 Geometriam
775 1094 919 1166 maximis
944 1089 1093 1163 acceffio·

181 1189 275 1264 nibus
289 1187 493 1286 amplificavit
514 1236 527 1274 ‚
573 1190 681 1266 studio
702 1191 875 1266 incredibili
891 1189 924 1262 in
942 1211 1008 1260 eam
1026 1192 1095 1262 col-

180 1286 297 1358 locato.
345 1291 394 1362 Et
422 1289 566 1387 inprimis
594 1311 712 1388 reperta
729 1281 777 1362 'est
800 1290 840 1362 ab
859 1313 901 1360 eo
922 1285 1094 1384 Analyfis,

180 1383 346 1460 certillima
367 1387 550 1462 inveniendi
567 1393 602 1459 dt
619 1387 823 1462 ratiocinandi
840 1389 900 1459 via.
949 1386 1095 1460 Philolo-

180 1482 269 1582 plriae
290 1487 352 1560 luae
373 1486 494 1568 libros,
528 1485 766 1562 Mathematicis
785 1484 957 1559 rationibus
978 1481 1094 1557 distin·

180 1583 253 1664 xit,
273 1607 310 1657 ac
323 1581 484 1678 quicquid
503 1584 539 1658 in
563 1583 801 1660 Mathematicis
820 1581 997 1656 admirabile
1013 1607 1096 1654 con·

155 1709 157 1712 ·
180 1679 332 1774 junctum
355 1706 429 1754 cum
447 1680 648 1781 Philosophia
664 1681 770 1766 esset,
797 1683 961 1755 excitavit.
1008 1687 1094 1753 Aca·

181 1776 295 1850 demiae
310 1777 432 1854 nribus
447 1781 635 1879 inscriptum
649 1783 809 1878 legebatur
824 1807 835 1851 e
866 1779 950 1862 οὐδεὶς
962 1777 1093 1866 dacoal-

181 1879 404 1963 emtione:
429 1880 527 1950 natas
539 1885 703 1950 omme
715 1901 815 1978 expers
826 1878 981 1950 acediae:
1007 1878 1092 1950 illtrs'·

180 1976 225 2048 tri
245 1975 312 2047 lane
332 1997 519 2076 argumento
540 1978 640 2074 quim
661 2003 727 2050 non
749 1977 845 2051 aliena
867 1975 920 2049 sed
949 1978 1095 2074 propria,

183 2075 348 2166 quamque
362 2101 429 2148 non
443 2076 583 2159 inutilia,
605 2077 657 2149 vel
671 2075 837 2152 indecora,
860 2073 913 2148 sed
925 2074 1052 2146 honesta
1062 2081 1099 2146 δε

186 2167 357 2240 commoda
378 2169 567 2251 Maenalis,-
600 2173 677 2244 βυτ
702 2189 861 2262 certaeque
883 2169 1098 2265 Philotophta

183 2264 240 2342 fit·
289 2270 439 2355 Quantus
455 2285 538 2340 certe
553 2267 645 2340 Plato
662 2263 843 2339 Matlreseos
860 2264 956 2338 fuerit
980 2271 1015 2338 ἃ
1041 2263 1097 2337 ad-

181 2365 311 2440 mirator
324 2371 359 2436 δι
374 2366 482 2438 cultor
504 2413 515 2446 ‚
554 2365 582 2438 is
597 2362 728 2446 demum
740 2363 920 2464 intelliget,
953 2365 1012 2461 qui
1027 2363 1096 2457 ejus

182 2465 378 2538 morinenta
391 2463 564 2562 perlegerit.
804 2475 808 2484 '

82 2571 85 2574 ’
230 2567 287 2636 Ex
303 2563 440 2636 Platonis
457 2559 630 2636 Academid
649 2560 925 2664 prope-innumeri
951 2559 1060 2635 deince

185 2659 409 2740 Mathematici
440 2659 638 2758 prodierant.
684 2659 863 2735 Tredecim.
884 2661 1042 2732 Platonis
1064 2687 1097 2732 a·

185 2758 347 2834 miliaresa
365 2761 481 2831 Proclo
497 2779 802 2842 commemorantur,
825 2783 965 2853 quorum
986 2756 1098 2830 studiis

187 2854 416 2934 Mathematica
444 2855 485 2929 sit
506 2858 652 2930 absoluta.
698 2859 789 2931 Hinc
813 2853 982 2930 Leodamas
1006 2855 1098 2930 Tha·

187 2951 273 3036 sius,
286 2954 448 3052 Archytas
463 2956 669 3037 Tarentinus,
677 2955 866 3028 Theatetus
881 2953 1098 3036 Atheniensis·

183 3053 206 3126 λ
222 3053 339 3158 quibus
355 3053 550 3128 Mathemata
564 3055 688 3154 egregie
705 3055 778 3126 sunt
793 3051 989 3153 amplificata.
1012 3061 1098 3124 Leo·

183 3149 289 3228 dama
306 3151 473 3266 Amlyfim
494 3153 512 3224 l
536 3154 665 3226 Platone
685 3173 839 3252 acceptam
866 3152 1038 3228 exercuit,
1062 3175 1096 3222 e·

184 3249 372 3349 iusqueope
384 3247 535 3325 mveniise
549 3251 647 3324 multa
663 3276 679 3323 a
698 3251 822 3326 Laertio
836 3249 965 3321 dicitur.
1001 3245 1094 3322 The·

185 3369 315 3422 artetum
333 3369 405 3422 tum
418 3350 547 3422 inventa
559 3351 610 3422 sua
633 3397 646 3432 ‚
676 3351 760 3422 inter
780 3371 855 3447 quc
872 3347 1033 3417 Elementa
1054 3349 1093 3420 ab

185 3471 226 3520 eo
247 3447 358 3546 scripta
379 3455 414 3520 δι
437 3448 623 3545 regularium
650 3469 821 3546 corporum
838 3443 995 3541 inscriptio
1016 3448 1095 3518 cele·

186 3547 348 3630 bantur,
395 3543 550 3620 illustrem
571 3543 723 3626 faciunt,
753 3564 824 3614 tum
847 3543 978 3614 Platonis
1000 3567 1096 3613 enco-

186 3641 252 3722 mia
274 3689 287 3728 ‚
329 3645 388 3744 qui
407 3648 499 3720 etiam
512 3643 595 3720 illius
611 3643 733 3724 nomini
746 3641 904 3743 dialogum
928 3639 1095 3812 inscripspsgrr.

600 3747 651 3798 *ff
681 3767 701 3814 2
843 3773 856 3794 ι
1080 3771 1098 3797 ο
